<?xml version="1.0" encoding="UTF-8"?><collection xmlns="http://www.loc.gov/MARC21/slim"><record><leader>00327nam--2200121-i-4500</leader><controlfield tag="001">000025091</controlfield><controlfield tag="002">20161230</controlfield><controlfield tag="005">20161230201035</controlfield><controlfield tag="008">060222s1000------------r-----000-0-eng-d</controlfield><datafield ind1=" " ind2=" " tag="100"><subfield code="a">Ceolin, C., Toyada, T</subfield></datafield><datafield ind1=" " ind2=" " tag="245"><subfield code="a">Guage invariance of baryon equation</subfield></datafield><datafield ind1=" " ind2=" " tag="260"><subfield code="a">Padova, Instituto Di Fisica Dell Univ., /F.A./ 9 P</subfield></datafield><datafield ind1=" " ind2=" " tag="852"><subfield code="a">6179</subfield></datafield></record></collection>